
@inproceedings{HE400GSW,
  author    = {Craig Gentry and
               Amit Sahai and
               Brent Waters},
  editor    = {Ran Canetti and
               Juan A. Garay},
  title     = {Homomorphic Encryption from Learning with Errors: Conceptually-Simpler,
               Asymptotically-Faster, Attribute-Based},
  booktitle = {Advances in Cryptology - {CRYPTO} 2013 - 33rd Annual Cryptology Conference,
               Santa Barbara, CA, USA, August 18-22, 2013. Proceedings, Part {I}},
  series    = {Lecture Notes in Computer Science},
  volume    = {8042},
  pages     = {75--92},
  publisher = {Springer},
  year      = {2013},
  url       = {https://doi.org/10.1007/978-3-642-40041-4\_5},
  doi       = {10.1007/978-3-642-40041-4\_5},
  timestamp = {Tue, 14 May 2019 10:00:48 +0200},
  biburl    = {https://dblp.org/rec/conf/crypto/GentrySW13.bib},
  bibsource = {dblp computer science bibliography, https://dblp.org}
}

@inproceedings{HE401/innovations/BrakerskiV14,
  author    = {Zvika Brakerski and
               Vinod Vaikuntanathan},
  editor    = {Moni Naor},
  title     = {Lattice-based {FHE} as secure as {PKE}},
  booktitle = {Innovations in Theoretical Computer Science, ITCS'14, Princeton, NJ,
               USA, January 12-14, 2014},
  pages     = {1--12},
  publisher = {{ACM}},
  year      = {2014},
  url       = {https://doi.org/10.1145/2554797.2554799},
  doi       = {10.1145/2554797.2554799},
  timestamp = {Tue, 27 Nov 2018 10:40:37 +0100},
  biburl    = {https://dblp.org/rec/conf/innovations/BrakerskiV14.bib},
  bibsource = {dblp computer science bibliography, https://dblp.org}
}

@article{HE402/tc/KhedrGV16,
  author    = {Alhassan Khedr and
               P. Glenn Gulak and
               Vinod Vaikuntanathan},
  title     = {{SHIELD:} Scalable Homomorphic Implementation of Encrypted Data-Classifiers},
  journal   = {{IEEE} Trans. Computers},
  volume    = {65},
  number    = {9},
  pages     = {2848--2858},
  year      = {2016},
  url       = {https://doi.org/10.1109/TC.2015.2500576},
  doi       = {10.1109/TC.2015.2500576},
  timestamp = {Sun, 22 Oct 2023 11:15:13 +0200},
  biburl    = {https://dblp.org/rec/journals/tc/KhedrGV16.bib},
  bibsource = {dblp computer science bibliography, https://dblp.org}
}
@inproceedings{HE403/crypto/Alperin-SheriffP14,
  author    = {Jacob Alperin{-}Sheriff and
               Chris Peikert},
  editor    = {Juan A. Garay and
               Rosario Gennaro},
  title     = {Faster Bootstrapping with Polynomial Error},
  booktitle = {Advances in Cryptology - {CRYPTO} 2014 - 34th Annual Cryptology Conference,
               Santa Barbara, CA, USA, August 17-21, 2014, Proceedings, Part {I}},
  series    = {Lecture Notes in Computer Science},
  volume    = {8616},
  pages     = {297--314},
  publisher = {Springer},
  year      = {2014},
  url       = {https://doi.org/10.1007/978-3-662-44371-2\_17},
  doi       = {10.1007/978-3-662-44371-2\_17},
  timestamp = {Tue, 14 May 2019 10:00:48 +0200},
  biburl    = {https://dblp.org/rec/conf/crypto/Alperin-SheriffP14.bib},
  bibsource = {dblp computer science bibliography, https://dblp.org}
}

@article{HE403_eprint/iacr/Alperin-SheriffP14,
  author    = {Jacob Alperin{-}Sheriff and
               Chris Peikert},
  title     = {Faster Bootstrapping with Polynomial Error},
  journal   = {{IACR} Cryptol. ePrint Arch.},
  pages     = {94},
  year      = {2014},
  url       = {http://eprint.iacr.org/2014/094},
  timestamp = {Mon, 11 May 2020 16:00:21 +0200},
  biburl    = {https://dblp.org/rec/journals/iacr/Alperin-SheriffP14.bib},
  bibsource = {dblp computer science bibliography, https://dblp.org}
}

@inproceedings{HE404_AS13/crypto/Alperin-SheriffP13,
  author    = {Jacob Alperin{-}Sheriff and
               Chris Peikert},
  editor    = {Ran Canetti and
               Juan A. Garay},
  title     = {Practical Bootstrapping in Quasilinear Time},
  booktitle = {Advances in Cryptology - {CRYPTO} 2013 - 33rd Annual Cryptology Conference,
               Santa Barbara, CA, USA, August 18-22, 2013. Proceedings, Part {I}},
  series    = {Lecture Notes in Computer Science},
  volume    = {8042},
  pages     = {1--20},
  publisher = {Springer},
  year      = {2013},
  url       = {https://doi.org/10.1007/978-3-642-40041-4\_1},
  doi       = {10.1007/978-3-642-40041-4\_1},
  timestamp = {Tue, 14 May 2019 10:00:48 +0200},
  biburl    = {https://dblp.org/rec/conf/crypto/Alperin-SheriffP13.bib},
  bibsource = {dblp computer science bibliography, https://dblp.org}
}

@inproceedings{HE405_HAO15/pkc/HiromasaAO15,
  author    = {Ryo Hiromasa and
               Masayuki Abe and
               Tatsuaki Okamoto},
  editor    = {Jonathan Katz},
  title     = {Packing Messages and Optimizing Bootstrapping in {GSW-FHE}},
  booktitle = {Public-Key Cryptography - {PKC} 2015 - 18th {IACR} International Conference
               on Practice and Theory in Public-Key Cryptography, Gaithersburg, MD,
               USA, March 30 - April 1, 2015, Proceedings},
  series    = {Lecture Notes in Computer Science},
  volume    = {9020},
  pages     = {699--715},
  publisher = {Springer},
  year      = {2015},
  url       = {https://doi.org/10.1007/978-3-662-46447-2\_31},
  doi       = {10.1007/978-3-662-46447-2\_31},
  timestamp = {Fri, 01 May 2020 18:32:25 +0200},
  biburl    = {https://dblp.org/rec/conf/pkc/HiromasaAO15.bib},
  bibsource = {dblp computer science bibliography, https://dblp.org}
}

@article{HE405_HAO16_survey115/ieicet/HiromasaAO16,
  author    = {Ryo Hiromasa and
               Masayuki Abe and
               Tatsuaki Okamoto},
  title     = {Packing Messages and Optimizing Bootstrapping in {GSW-FHE}},
  journal   = {{IEICE} Trans. Fundam. Electron. Commun. Comput. Sci.},
  volume    = {99-A},
  number    = {1},
  pages     = {73--82},
  year      = {2016},
  url       = {https://doi.org/10.1587/transfun.E99.A.73},
  doi       = {10.1587/TRANSFUN.E99.A.73},
  timestamp = {Sat, 11 Apr 2020 13:30:36 +0200},
  biburl    = {https://dblp.org/rec/journals/ieicet/HiromasaAO16.bib},
  bibsource = {dblp computer science bibliography, https://dblp.org}
}
@inproceedings{HE406,
  author    = {Jean{-}Fran{\c{c}}ois Biasse and
               Luis Ruiz},
  editor    = {Kristin E. Lauter and
               Francisco Rodr{\'{\i}}guez{-}Henr{\'{\i}}quez},
  title     = {{FHEW} with Efficient Multibit Bootstrapping},
  booktitle = {Progress in Cryptology - {LATINCRYPT} 2015 - 4th International Conference
               on Cryptology and Information Security in Latin America, Guadalajara,
               Mexico, August 23-26, 2015, Proceedings},
  series    = {Lecture Notes in Computer Science},
  volume    = {9230},
  pages     = {119--135},
  publisher = {Springer},
  year      = {2015},
  url       = {https://doi.org/10.1007/978-3-319-22174-8\_7},
  doi       = {10.1007/978-3-319-22174-8\_7},
  timestamp = {Thu, 14 Oct 2021 10:45:02 +0200},
  biburl    = {https://dblp.org/rec/conf/latincrypt/BiasseR15.bib},
  bibsource = {dblp computer science bibliography, https://dblp.org}
}
@inproceedings{HE407,
  author    = {Guillaume Bonnoron and
               L{\'{e}}o Ducas and
               Max Fillinger},
  editor    = {Antoine Joux and
               Abderrahmane Nitaj and
               Tajjeeddine Rachidi},
  title     = {Large {FHE} Gates from Tensored Homomorphic Accumulator},
  booktitle = {Progress in Cryptology - {AFRICACRYPT} 2018 - 10th International Conference
               on Cryptology in Africa, Marrakesh, Morocco, May 7-9, 2018, Proceedings},
  series    = {Lecture Notes in Computer Science},
  volume    = {10831},
  pages     = {217--251},
  publisher = {Springer},
  year      = {2018},
  url       = {https://doi.org/10.1007/978-3-319-89339-6\_13},
  doi       = {10.1007/978-3-319-89339-6\_13},
  timestamp = {Tue, 14 May 2019 10:00:52 +0200},
  biburl    = {https://dblp.org/rec/conf/africacrypt/BonnoronDF18.bib},
  bibsource = {dblp computer science bibliography, https://dblp.org}
}
@inproceedings{HE408,
  author    = {Daniele Micciancio and
               Jessica Sorrell},
  editor    = {Ioannis Chatzigiannakis and
               Christos Kaklamanis and
               D{\'{a}}niel Marx and
               Donald Sannella},
  title     = {Ring Packing and Amortized {FHEW} Bootstrapping},
  booktitle = {45th International Colloquium on Automata, Languages, and Programming,
               {ICALP} 2018, July 9-13, 2018, Prague, Czech Republic},
  series    = {LIPIcs},
  volume    = {107},
  pages     = {100:1--100:14},
  publisher = {Schloss Dagstuhl - Leibniz-Zentrum f{\"{u}}r Informatik},
  year      = {2018},
  url       = {https://doi.org/10.4230/LIPIcs.ICALP.2018.100},
  doi       = {10.4230/LIPIcs.ICALP.2018.100},
  timestamp = {Tue, 11 Feb 2020 15:52:14 +0100},
  biburl    = {https://dblp.org/rec/conf/icalp/MicciancoS18.bib},
  bibsource = {dblp computer science bibliography, https://dblp.org}
}
@inproceedings{HE409,
  author    = {Chao Liu and
               Anyu Wang and
               Zhongxiang Zheng},
  editor    = {Joonsang Baek and
               Sushmita Ruj},
  title     = {Optimizing Bootstrapping and Evaluating Large {FHE} Gates in the LWE-Based
               {GSW-FHE}},
  booktitle = {Information Security and Privacy - 26th Australasian Conference, {ACISP}
               2021, Virtual Event, December 1-3, 2021, Proceedings},
  series    = {Lecture Notes in Computer Science},
  volume    = {13083},
  pages     = {590--609},
  publisher = {Springer},
  year      = {2021},
  url       = {https://doi.org/10.1007/978-3-030-90567-5\_30},
  doi       = {10.1007/978-3-030-90567-5\_30},
  timestamp = {Mon, 08 Nov 2021 16:43:35 +0100},
  biburl    = {https://dblp.org/rec/conf/acisp/LiuWZ21.bib},
  bibsource = {dblp computer science bibliography, https://dblp.org}
}
@inproceedings{HE410FHEW/DucasM21,
  author    = {L{\'{e}}o Ducas and
               Daniele Micciancio},
  editor    = {Elisabeth Oswald and
               Marc Fischlin},
  title     = {{FHEW:} Bootstrapping Homomorphic Encryption in Less Than a Second},
  booktitle = {Advances in Cryptology - {EUROCRYPT} 2015 - 34th Annual International
               Conference on the Theory and Applications of Cryptographic Techniques,
               Sofia, Bulgaria, April 26-30, 2015, Proceedings, Part {I}},
  series    = {Lecture Notes in Computer Science},
  volume    = {9056},
  pages     = {617--640},
  publisher = {Springer},
  year      = {2015},
  url       = {https://doi.org/10.1007/978-3-662-46800-5\_24},
  doi       = {10.1007/978-3-662-46800-5\_24},
  timestamp = {Thu, 14 Oct 2021 09:58:16 +0200},
  biburl    = {https://dblp.org/rec/conf/eurocrypt/DucasM15.bib},
  bibsource = {dblp computer science bibliography, https://dblp.org}
}
@inproceedings{HE411/ccs/MicciancioP21,
  author    = {Daniele Micciancio and
               Yuriy Polyakov},
  title     = {Bootstrapping in FHEW-like Cryptosystems},
  booktitle = {{WAHC} '21: Proceedings of the 9th on Workshop on Encrypted Computing
               {\&} Applied Homomorphic Cryptography, Virtual Event, Korea, 15
               November 2021},
  pages     = {17--28},
  publisher = {WAHC@ACM},
  year      = {2021},
  url       = {https://doi.org/10.1145/3474366.3486924},
  doi       = {10.1145/3474366.3486924},
  timestamp = {Wed, 07 Dec 2022 23:07:56 +0100},
  biburl    = {https://dblp.org/rec/conf/ccs/MicciancioP21.bib},
  bibsource = {dblp computer science bibliography, https://dblp.org}
}
@article{HE412/iacr/MicheliKMS23,
  author    = {Gabrielle De Micheli and
               Duhyeong Kim and
               Daniele Micciancio and
               Adam Suhl},
  title     = {Faster Amortized {FHEW} bootstrapping using Ring Automorphisms},
  journal   = {{IACR} Cryptol. ePrint Arch.},
  pages     = {112},
  year      = {2023},
  url       = {https://eprint.iacr.org/2023/112},
  timestamp = {Tue, 28 Feb 2023 16:25:39 +0100},
  biburl    = {https://dblp.org/rec/journals/iacr/MicheliKMS23.bib},
  bibsource = {dblp computer science bibliography, https://dblp.org}
}
@inproceedings{HE413/LMKCDEY23/eurocrypt/LeeMKCDEY23,
  author    = {Yongwoo Lee and
               Daniele Micciancio and
               Andrey Kim and
               Rakyong Choi and
               Maxim Deryabin and
               Jieun Eom and
               Donghoon Yoo},
  editor    = {Carmit Hazay and
               Martijn Stam},
  title     = {Efficient {FHEW} Bootstrapping with Small Evaluation Keys, and Applications
               to Threshold Homomorphic Encryption},
  booktitle = {Advances in Cryptology - {EUROCRYPT} 2023 - 42nd Annual International
               Conference on the Theory and Applications of Cryptographic Techniques,
               Lyon, France, April 23-27, 2023, Proceedings, Part {III}},
  series    = {Lecture Notes in Computer Science},
  volume    = {14006},
  pages     = {227--256},
  publisher = {Springer},
  year      = {2023},
  url       = {https://doi.org/10.1007/978-3-031-30620-4\_8},
  doi       = {10.1007/978-3-031-30620-4\_8},
  timestamp = {Sat, 29 Apr 2023 19:25:02 +0200},
  biburl    = {https://dblp.org/rec/conf/eurocrypt/LeeMKCDEY23.bib},
  bibsource = {dblp computer science bibliography, https://dblp.org}
}
@article{HE414/iacr/LiuW23,
  author    = {Zeyu Liu and
               Yunhao Wang},
  title     = {Amortized Functional Bootstrapping in less than 7ms, with {\~{O}}(1)
               polynomial multiplications},
  journal   = {{IACR} Cryptol. ePrint Arch.},
  pages     = {910},
  year      = {2023},
  url       = {https://eprint.iacr.org/2023/910},
  timestamp = {Tue, 05 Sep 2023 07:46:58 +0200},
  biburl    = {https://dblp.org/rec/journals/iacr/LiuW23.bib},
  bibsource = {dblp computer science bibliography, https://dblp.org}
}
@inproceedings{HE415/cscml/JoyeP22,
  author    = {Marc Joye and
               Pascal Paillier},
  editor    = {Shlomi Dolev and
               Jonathan Katz and
               Amnon Meisels},
  title     = {Blind Rotation in Fully Homomorphic Encryption with Extended Keys},
  booktitle = {Cyber Security, Cryptology, and Machine Learning - 6th International
               Symposium, {CSCML} 2022, Be'er Sheva, Israel, June 30 - July 1, 2022,
               Proceedings},
  series    = {Lecture Notes in Computer Science},
  volume    = {13301},
  pages     = {1--18},
  publisher = {Springer},
  year      = {2022},
  url       = {https://doi.org/10.1007/978-3-031-07689-3\_1},
  doi       = {10.1007/978-3-031-07689-3\_1},
  timestamp = {Fri, 24 Jun 2022 18:23:22 +0200},
  biburl    = {https://dblp.org/rec/conf/cscml/JoyeP22.bib},
  bibsource = {dblp computer science bibliography, https://dblp.org}
}
@inproceedings{HE420/GINX16/survey120/eurocrypt/GamaINX16,
  author    = {Nicolas Gama and
               Malika Izabach{\`{e}}ne and
               Phong Q. Nguyen and
               Xiang Xie},
  editor    = {Marc Fischlin and
               Jean{-}S{\'{e}}bastien Coron},
  title     = {Structural Lattice Reduction: Generalized Worst-Case to Average-Case
               Reductions and Homomorphic Cryptosystems},
  booktitle = {Advances in Cryptology - {EUROCRYPT} 2016 - 35th Annual International
               Conference on the Theory and Applications of Cryptographic Techniques,
               Vienna, Austria, May 8-12, 2016, Proceedings, Part {II}},
  series    = {Lecture Notes in Computer Science},
  volume    = {9666},
  pages     = {528--558},
  publisher = {Springer},
  year      = {2016},
  url       = {https://doi.org/10.1007/978-3-662-49896-5\_19},
  doi       = {10.1007/978-3-662-49896-5\_19},
  timestamp = {Tue, 14 May 2019 10:00:53 +0200},
  biburl    = {https://dblp.org/rec/conf/eurocrypt/GamaINX16.bib},
  bibsource = {dblp computer science bibliography, https://dblp.org}
}
@inproceedings{HE421/asiacrypt/ChillottiGGI16,
  author    = {Ilaria Chillotti and
               Nicolas Gama and
               Mariya Georgieva and
               Malika Izabach{\`{e}}ne},
  editor    = {Jung Hee Cheon and
               Tsuyoshi Takagi},
  title     = {Faster Fully Homomorphic Encryption: Bootstrapping in Less Than 0.1
               Seconds},
  booktitle = {Advances in Cryptology - {ASIACRYPT} 2016 - 22nd International Conference
               on the Theory and Application of Cryptology and Information Security,
               Hanoi, Vietnam, December 4-8, 2016, Proceedings, Part {I}},
  series    = {Lecture Notes in Computer Science},
  volume    = {10031},
  pages     = {3--33},
  year      = {2016},
  url       = {https://doi.org/10.1007/978-3-662-53887-6\_1},
  doi       = {10.1007/978-3-662-53887-6\_1},
  timestamp = {Fri, 27 Mar 2020 08:51:50 +0100},
  biburl    = {https://dblp.org/rec/conf/asiacrypt/ChillottiGGI16.bib},
  bibsource = {dblp computer science bibliography, https://dblp.org}
}
@article{HE422/joc/ChillottiGGI20,
  author    = {Ilaria Chillotti and
               Nicolas Gama and
               Mariya Georgieva and
               Malika Izabach{\`{e}}ne},
  title     = {{TFHE:} Fast Fully Homomorphic Encryption Over the Torus},
  journal   = {J. Cryptol.},
  volume    = {33},
  number    = {1},
  pages     = {34--91},
  year      = {2020},
  url       = {https://doi.org/10.1007/s00145-019-09319-x},
  doi       = {10.1007/S00145-019-09319-X},
  timestamp = {Sat, 21 Oct 2023 10:46:09 +0200},
  biburl    = {https://dblp.org/rec/journals/joc/ChillottiGGI20.bib},
  bibsource = {dblp computer science bibliography, https://dblp.org}
}

@inproceedings{HE425/CGGI17,
  author    = {Ilaria Chillotti and
               Nicolas Gama and
               Mariya Georgieva and
               Malika Izabach{\`{e}}ne},
  editor    = {Tsuyoshi Takagi and
               Thomas Peyrin},
  title     = {Faster Packed Homomorphic Operations and Efficient Circuit Bootstrapping
               for {TFHE}},
  booktitle = {Advances in Cryptology - {ASIACRYPT} 2017 - 23rd International Conference
               on the Theory and Applications of Cryptology and Information Security,
               Hong Kong, China, December 3-7, 2017, Proceedings, Part {I}},
  series    = {Lecture Notes in Computer Science},
  volume    = {10624},
  pages     = {377--408},
  publisher = {Springer},
  year      = {2017},
  url       = {https://doi.org/10.1007/978-3-319-70694-8\_14},
  doi       = {10.1007/978-3-319-70694-8\_14},
  timestamp = {Fri, 27 Mar 2020 08:51:50 +0100},
  biburl    = {https://dblp.org/rec/conf/asiacrypt/ChillottiGGI17.bib},
  bibsource = {dblp computer science bibliography, https://dblp.org}
}
@inproceedings{HE426/survey117/asiacrypt/ChillottiLOT21,
  author    = {Ilaria Chillotti and
               Damien Ligier and
               Jean{-}Baptiste Orfila and
               Samuel Tap},
  editor    = {Mehdi Tibouchi and
               Huaxiong Wang},
  title     = {Improved Programmable Bootstrapping with Larger Precision and Efficient
               Arithmetic Circuits for {TFHE}},
  booktitle = {Advances in Cryptology - {ASIACRYPT} 2021 - 27th International Conference
               on the Theory and Application of Cryptology and Information Security,
               Singapore, December 6-10, 2021, Proceedings, Part {III}},
  series    = {Lecture Notes in Computer Science},
  volume    = {13092},
  pages     = {670--699},
  publisher = {Springer},
  year      = {2021},
  url       = {https://doi.org/10.1007/978-3-030-92078-4\_23},
  doi       = {10.1007/978-3-030-92078-4\_23},
  timestamp = {Fri, 03 Dec 2021 17:36:42 +0100},
  biburl    = {https://dblp.org/rec/conf/asiacrypt/ChillottiLOT21.bib},
  bibsource = {dblp computer science bibliography, https://dblp.org}
}

@article{HE427/tches/GuimaraesBA21,
  author    = {Antonio Guimar{\~{a}}es and
               Edson Borin and
               Diego F. Aranha},
  title     = {Revisiting the functional bootstrap in {TFHE}},
  journal   = {{IACR} Trans. Cryptogr. Hardw. Embed. Syst.},
  volume    = {2021},
  number    = {2},
  pages     = {229--253},
  year      = {2021},
  url       = {https://doi.org/10.46586/tches.v2021.i2.229-253},
  doi       = {10.46586/TCHES.V2021.I2.229-253},
  timestamp = {Mon, 28 Aug 2023 21:26:44 +0200},
  biburl    = {https://dblp.org/rec/journals/tches/GuimaraesBA21.bib},
  bibsource = {dblp computer science bibliography, https://dblp.org}
}

@article{HE427_eprint,
  author    = {Antonio Guimar{\~{a}}es and
               Edson Borin and
               Diego F. Aranha},
  title     = {Revisiting the functional bootstrap in {TFHE}},
  journal   = {{IACR} Trans. Cryptogr. Hardw. Embed. Syst.},
  volume    = {2021},
  number    = {2},
  pages     = {229--253},
  year      = {2021},
  url       = {https://doi.org/10.46586/tches.v2021.i2.229-253},
  doi       = {10.46586/tches.v2021.i2.229-253},
  timestamp = {Thu, 14 Oct 2021 08:53:57 +0200},
  biburl    = {https://dblp.org/rec/journals/tches/GuimaraesBA21.bib},
  bibsource = {dblp computer science bibliography, https://dblp.org}
}
@inproceedings{HE428/ccs/Joye022,
  author    = {Marc Joye and
               Michael Walter},
  editor    = {Michael Brenner and
               Anamaria Costache and
               Kurt Rohloff},
  title     = {Liberating {TFHE:} Programmable Bootstrapping with General Quotient
               Polynomials},
  booktitle = {Proceedings of the 10th Workshop on Encrypted Computing {\&} Applied
               Homomorphic Cryptography, Los Angeles, CA, USA, 7 November 2022},
  pages     = {1--11},
  publisher = {{ACM}},
  year      = {2022},
  url       = {https://doi.org/10.1145/3560827.3563376},
  doi       = {10.1145/3560827.3563376},
  timestamp = {Tue, 08 Nov 2022 16:38:34 +0100},
  biburl    = {https://dblp.org/rec/conf/ccs/Joye022.bib},
  bibsource = {dblp computer science bibliography, https://dblp.org}
}
@article{HE429/joc/BergeratBBCLOT23,
  author    = {Loris Bergerat and
               Anas Boudi and
               Quentin Bourgerie and
               Ilaria Chillotti and
               Damien Ligier and
               Jean{-}Baptiste Orfila and
               Samuel Tap},
  title     = {Parameter Optimization and Larger Precision for {(T)FHE}},
  journal   = {J. Cryptol.},
  volume    = {36},
  number    = {3},
  pages     = {28},
  year      = {2023},
  url       = {https://doi.org/10.1007/s00145-023-09463-5},
  doi       = {10.1007/S00145-023-09463-5},
  timestamp = {Sat, 24 Jun 2023 21:25:40 +0200},
  biburl    = {https://dblp.org/rec/journals/joc/BergeratBBCLOT23.bib},
  bibsource = {dblp computer science bibliography, https://dblp.org}
}
@article{HE431/tches/KluczniakS23,
  author    = {Kamil Kluczniak and
               Leonard Schild},
  title     = {{FDFB:} Full Domain Functional Bootstrapping Towards Practical Fully
               Homomorphic Encryption},
  journal   = {{IACR} Trans. Cryptogr. Hardw. Embed. Syst.},
  volume    = {2023},
  number    = {1},
  pages     = {501--537},
  year      = {2023},
  url       = {https://doi.org/10.46586/tches.v2023.i1.501-537},
  doi       = {10.46586/TCHES.V2023.I1.501-537},
  timestamp = {Sun, 22 Oct 2023 11:16:15 +0200},
  biburl    = {https://dblp.org/rec/journals/tches/KluczniakS23.bib},
  bibsource = {dblp computer science bibliography, https://dblp.org}
}

@article{HE453/iacr/GuimaraesPL23,
  author    = {Antonio Guimar{\~{a}}es and
               Hilder V. L. Pereira and
               Barry Van Leeuwen},
  title     = {Amortized Bootstrapping Revisited: Simpler, Asymptotically-faster,
               Implemented},
  journal   = {{IACR} Cryptol. ePrint Arch.},
  pages     = {14},
  year      = {2023},
  url       = {https://eprint.iacr.org/2023/014},
  timestamp = {Mon, 30 Jan 2023 16:25:31 +0100},
  biburl    = {https://dblp.org/rec/journals/iacr/GuimaraesPL23.bib},
  bibsource = {dblp computer science bibliography, https://dblp.org}
}
@inproceedings{HE463/ccs/ChakrabortyZ22,
  author    = {Olive Chakraborty and
               Martin Zuber},
  editor    = {Michael Brenner and
               Anamaria Costache and
               Kurt Rohloff},
  title     = {Efficient and Accurate Homomorphic Comparisons},
  booktitle = {Proceedings of the 10th Workshop on Encrypted Computing {\&} Applied
               Homomorphic Cryptography, Los Angeles, CA, USA, 7 November 2022},
  pages     = {35--46},
  publisher = {{ACM}},
  year      = {2022},
  url       = {https://doi.org/10.1145/3560827.3563375},
  doi       = {10.1145/3560827.3563375},
  timestamp = {Tue, 08 Nov 2022 16:38:34 +0100},
  biburl    = {https://dblp.org/rec/conf/ccs/ChakrabortyZ22.bib},
  bibsource = {dblp computer science bibliography, https://dblp.org}
}